% This file was created with JabRef 2.9.2.
% Encoding: Cp1252

@INPROCEEDINGS{Delos13,
  author = {Delos, J. and  Alarcon, E. and  Hendrix, M.A.M. and  Lopez, T. and  Lomonova, E.},
  title = {On the Impedance Modeling of Switched Capacitor Converters with Arbitrary
	Output Nodes},
  booktitle = {Electrical and Power Engineering (EPE), 2013 International Conference
	and Exposition on},
  year = {2013}
}

@INPROCEEDINGS{Kumar12,
  author = {Kumar, P. and Proefrock, W.},
  title = {Novel switched capacitor based Triple Output Fixed Ratio Converter
	(TOFRC)},
  booktitle = {Applied Power Electronics Conference and Exposition (APEC), 2012
	Twenty-Seventh Annual IEEE},
  year = {2012},
  pages = {2352-2356}
}

@INPROCEEDINGS{Makowski95,
  author = {Makowski, M.S. and Maksimovic, D.},
  title = {Performance limits of switched-capacitor DC-DC converters},
  booktitle = {Power Electronics Specialists Conference, 1995. PESC '95 Record.,
	26th Annual IEEE},
  year = {1995},
  volume = {2},
  pages = {1215-1221}
}

@PHDTHESIS{NgPhD11,
  author = {Vincent Wai-Shan Ng},
  title = {Switched Capacitor DC-DC Converter: Superior where the Buck Converter
	has Dominated},
  school = {University of California at Berkeley},
  year = {2011},
  url = {http://www.eecs.berkeley.edu/Pubs/TechRpts/2011/EECS-2011-94.pdf}
}

@PHDTHESIS{SeemanPhD06,
  author = {M.D. Seeman},
  title = {A Design Methodology for Switched-Capacitor DC-DC Converters},
  school = {University of California at Berkeley},
  year = {2009},
  url = {http://www.eecs.berkeley.edu/Pubs/TechRpts/2009/EECS-2009-78.pdf}
}


@BOOK{Steyaert13,
  title = {CMOS Integrated Capacitive DC-DC Converters},
  publisher = {Springer},
  year = {2013},
  author = {Steyaert, Michiel
	
	Van Breussegem, Tom},
  owner = {300229836},
  timestamp = {2013.10.16}
}

@ARTICLE{Alarcon13,
  author = {Villar-Pique, G. and Bergveld, H.J. and Alarcon, E.},
  title = {Survey and Benchmark of Fully Integrated Switching Power Converters:
	Switched-Capacitor Versus Inductive Approach},
  journal = {Power Electronics, IEEE Transactions on},
  year = {2013},
  volume = {28},
  pages = {4156-4167},
  number = {9},
  doi = {10.1109/TPEL.2013.2242094},
  issn = {0885-8993},
  keywords = {capacitors;switching convertors;application-oriented design guidelines;fully
	integrated switching power converters;inductive approach;inductive
	power converters;integrated switched-capacitor;performance metrics;Capacitors;Clocks;Digital
	circuits;Integrated circuit modeling;Regulators;Switches;Switching
	frequency;Inductive power converter;integrated switching power converters;switched-capacitor
	converter}
}

@ARTICLE{Peter2012,
  author={Peter, P.K. and Agarwal, V.},
  title = {On the Input Resistance of a Reconfigurable Switched Capacitor {DC}--{DC}
	Converter-Based Maximum Power Point Tracker of a Photovoltaic Source},
  journal = IEEE_J_PWRE,
  year = {2012},
  volume = {27},
  pages = {4880--4893},
  number = {12},
  __markedentry = {[300229836:6]},
  doi = {10.1109/TPEL.2012.2192452},
  owner = {300229836},
  timestamp = {2013.10.30},
  url = {http://ieeexplore.ieee.org/stamp/stamp.jsp?arnumber=6179547}
}

@INPROCEEDINGS{Oota00,
author={Oota, I. and Hara, N. and Ueno, F.},
booktitle={Circuits and Systems, 2000. Proceedings. ISCAS 2000 Geneva. The 2000 IEEE International Symposium on},
title={A general method for deriving output resistances of serial fixed type switched-capacitor power supplies},
year={2000},
volume={3},
pages={503-506 vol.3},
keywords={power supply circuits;switched capacitor networks;transformers;SC transformers;output resistances;serial fixed type;switched-capacitor power supplies;Capacitors;Clocks;Educational institutions;Equations;Equivalent circuits;Frequency;Power supplies;Switches;Switching circuits;Transformers},
doi={10.1109/ISCAS.2000.856107},
}

@INPROCEEDINGS{Seeman06,
author={Seeman, M.D. and Sanders, S.R.},
booktitle={Computers in Power Electronics, 2006. COMPEL '06. IEEE Workshops on},
title={Analysis and Optimization of Switched-Capacitor DC-DC Converters},
year={2006},
pages={216-224},
keywords={DC-DC power convertors;electric impedance;ladder networks;losses;optimisation;switched capacitor networks;ladder-type converter;optimization;output impedance evaluation;steady-state performance;switch conductances;switch volt-ampere products;switched-capacitor DC-DC converters;Capacitance;Capacitors;Constraint optimization;DC-DC power converters;Energy storage;Impedance;Performance analysis;Steady-state;Switches;Switching converters},
doi={10.1109/COMPEL.2006.305678},
ISSN={1093-5142}
}
