@ARTICLE{94Nakamura,
   author = {{Nakamura}, S. and {Mukai}, T. and {Senoh}, M.},
    title = "{Candela-class high-brightness InGaN/AlGaN double-heterostructure blue-light-emitting diodes}",
  journal = {Applied Physics Letters},
 keywords = {Aluminum Compounds, Electroluminescence, Heterojunctions, Indium Compounds, Light Emitting Diodes, Luminous Intensity, Quantum Efficiency, Quantum Theory, Semiconductors (Materials), Additives, Electric Current, Semiconducting Films, Spectrum Analysis, Vapor Deposition, Zinc},
     year = 1994,
    month = mar,
   volume = 64,
    pages = {1687-1689},
      doi = {10.1063/1.111832},

}
